@InCollection{rcg76,
  author = 	 {R.C. Grimm and J.M. Greene and J.L. Johnson},
  editor = 	 {J. Killeen},
  booktitle = 	 {Methods in Computational Physics},
  publisher = 	 {Academic Press},
  year = 	 {1976},
  volume = 	 {16},
  address = 	 {NY},
  pages = 	 {253}
}

@ARTICLE{rg81,
   author =	{R. Gruber and F. Troyon and D. Berger and L. C. Bernard 
                   and S. Rousset and R. Shreiber and W. Kerner and 
                   W. Schneider and K. V. Roberts},
   year =	{1981},
   journal =	{Comp. Phys. Comm},
   volume =	{21},
   pages =	{323}
}

@ARTICLE{wk76,
   author =	{W. Kerner},
   year =	{1976},
   journal =	{Nucl. Fusion},
   volume =	{16},
   pages =	{643}
}

@ARTICLE{lcb81,
   author =	{L.C. Bernard and F.J. Helton and R.W. Moore},
   year =	{1981},
   journal =	{Comp. Phys. Comm.},
   volume =	{24},
   pages =	{377}
}

@InCollection{lmd84,
   author =	{L. M. Degtyarev and V. V. Drozdov and A. A. Martynov and S. Yu. Medvedev},
   editor =     {M.Q. Tran \textit{et al.}},
   booktitle =  {Proceedings of International Conference on Plasma Physics, Lausanne, Switzerland},
   publisher = 	{Academic Press},
   year =	{1984},
   volume =	{97},
   pages =	{15011}
}

@ARTICLE{rcg83,
   author =	{R. C. Grimm and R. L. Dewar and J. Manickam},
   year =	{1983},
   journal =	{J. Comp. Phys.},
   volume =	{49},
   pages =	{94}
}

@ARTICLE{wan60,
   author =	{W.A. Newcomb},
   year =	{1960},
   journal =	{Ann. Phys.},
   volume =	{10},
   pages =	{232}
}

@ARTICLE{mb61,
   author =	{M. Bineau},
   year =	{1961},
   journal =	{Nucl. Fusion},
   volume =	{1962 Supplement, Part 2},
   pages =	{809}
}

@ARTICLE{jwc88,
   author =	{J. W. Connor and S. C. Cowley and R. J. Hastie and 
                 T. C. Hender and A. Hood and T. J. Martin},
   year =	{1988},
   journal =	{Phys. Fluids},
   volume =	{31},
   pages =	{577}
}

@ARTICLE{rf93,
   author =	{R. Fitzpatrick and R. J. Hastie and T. J. Martin and 
                 C. M. Roach},
   year =	{1993},
   journal =	{Nucl. Fusion},
   volume =	{33},
   pages =	{1533}
}

@ARTICLE{rld90,
   author =	{R. L. Dewar and A. Pletzer},
   year =	{1990},
   journal =	{J. Plasma Physics},
   volume =	{43},
   pages =	{291}
}

@ARTICLE{ap94,
   author =	{A. Pletzer and A. Bondeson and R. L. Dewar},
   year =	{1994},
   journal =	{J. Comp. Phys.},
   volume =	{15},
   pages =	{530}
}

@ARTICLE{mdk58,
   author =	{M. D. Kruskal and R. M. Kulsrud},
   year =	{1958},
   journal =	{Phys. Fluids},
   volume =	{1},
   pages =	{265}
}

@ARTICLE{sh58,
   author =	{S. Hamada},
   year =	{1958},
   journal =	{Kakuyugo Kenkyu},
   volume =	{1},
   pages =	{542}
}

@ARTICLE{sh59,
   author =	{S. Hamada},
   year =	{1959},
   journal =	{Progr. Theoret. Phys. (Kyoto)},
   volume =	{22},
   pages =	{145}
}

@ARTICLE{jmg62,
   author =	{J.M. Greene and J.L. Johnson},
   year =	{1962},
   journal =	{Phys. Fluids},
   volume =	{5},
   pages =	{510}
}

@ARTICLE{ibb58,
   author =	{I. B. Bernstein and E. A. Frieman and M. D. Kruskal and
                R. M. Kulsrud},
   year =	{1958},
   journal =	{Proc. Roy. Soc. (London)},
   volume =	{A244},
   pages =	{17}
}

@ARTICLE{hlt55,
   author =	{H.L. Turrittin},
   year =	{1955},
   journal =	{Acta Mathematica},
   volume =	{93},
   pages =	{27}
}

@ARTICLE{cm61,
   author =	{C. Mercier},
   year =	{1961},
   journal =	{Nucl. Fusion},
   volume =	{1962 Supplement, Part 2},
   pages =	{801}
}

@ARTICLE{ahg75,
   author =	{A. H. Glasser and J. M. Greene and J. L. Johnson},
   year =	{1975},
   journal =	{Phys. Fluids},
   volume =	{18},
   pages =	{875}
}

@ARTICLE{jpg74,
   author =	{J. P. Goedbloed and P. H. Sakanaka},
   year =	{1974},
   journal =	{Phys. Fluids},
   volume =	{17},
   pages =	{908}
}

@ARTICLE{msc97,
   author =	{M.S. Chance},
   year =	{1997},
   journal =	{Phys. Plasmas},
   volume =	{4},
   pages =	{2161}
}

@Book{isg65,
  author =	{I. S. Gradshteyn and I. M. Ryzhik},
  title =	{Table of Integrals Series, and Products},
  publisher =	{Academic Press},
  year =	{1965},
  address =	{New York}
}

@ARTICLE{ahg91,
   author =	{A. H. Glasser},
   year =	{1991},
   journal =	{Phys. Fluids},
   volume =	{3},
   pages =	{1991}
}
